%%%%%%%%%%%%%%%%%%%%%%%%%%%%%%%%%%%%%%%%%%%%%%%%%%%%%%%%%%%%%%%%%%%%%%%%%%%%%%%%
%%% ARTICLES
@article{quinlan1986induction,
  title={Induction of decision trees},
  author={Quinlan, J. Ross},
  journal={Machine learning},
  volume={1},
  number={1},
  pages={81--106},
  year={1986},
  publisher={Springer}
}
@article{ben2015parallel,
  title={Parallel construction of decision trees with consistently non-increasing expected number of tests},
  author={Ben-Gal, Irad and Trister, Chavazelet},
  journal={Applied Stochastic Models in Business and Industry},
  volume={31},
  number={1},
  pages={64--78},
  year={2015},
  publisher={Wiley Online Library}
}
@article{murthy1998automatic,
  title={Automatic construction of decision trees from data: A multi-disciplinary survey},
  author={Murthy, Sreerama K},
  journal={Data mining and knowledge discovery},
  volume={2},
  number={4},
  pages={345--389},
  year={1998},
  publisher={Kluwer Academic Publishers}
}
@article{breiman1,
  title={1984 Classification and Regression Trees},
  author={Breiman, L and Friedman, JH and Olshen, RA and Stone, CJ},
  journal={The Wadsworth Statistics/Probability Series}
}
@article{hothorn2006unbiased,
  title={Unbiased recursive partitioning: A conditional inference framework},
  author={Hothorn, Torsten and Hornik, Kurt and Zeileis, Achim},
  journal={Journal of Computational and Graphical statistics},
  volume={15},
  number={3},
  pages={651--674},
  year={2006},
  publisher={Taylor \& Francis}
}
@article{breiman2001random,
  title={Random forests},
  author={Breiman, Leo},
  journal={Machine learning},
  volume={45},
  number={1},
  pages={5--32},
  year={2001},
  publisher={Springer}
}

%%%%%%%%%%%%%%%%%%%%%%%%%%%%%%%%%%%%%%%%%%%%%%%%%%%%%%%%%%%%%%%%%%%%%%%%%%%%%%%%
%%% BOOKS
@book{provost2013data,
  title={Data Science for Business: What you need to know about data mining and data-analytic thinking},
  author={Provost, Foster and Fawcett, Tom},
  year={2013},
  publisher={O'Reilly Media, Inc.}
}
@book{joseph2009multivariate,
  title={Multivariate Data Analysis-7th},
  author={Joseph Jr, F and William, C and Barry, J Babin and Rolph, E Anderson},
  year={2009},
  publisher={Pearson Education Limited}
}